<?xml version='1.0' encoding='UTF-8'?>
<record xmlns="http://www.loc.gov/MARC21/slim">
  <leader>01764cam a2200385 a 4500</leader>
  <controlfield tag="001">2762145</controlfield>
  <controlfield tag="003">NjP</controlfield>
  <controlfield tag="005">20171010174154.0</controlfield>
  <controlfield tag="008">830113m19649999ir       b    000 0 arar </controlfield>
  <datafield tag="024" ind1="7" ind2=" ">
    <subfield code="a">princeton_aco001605</subfield>
    <subfield code="2">local</subfield>
  </datafield>
  <datafield ind1=" " ind2=" " tag="010">
    <subfield code="a">   77297495 </subfield>
  </datafield>
  <datafield ind1=" " ind2=" " tag="035">
    <subfield code="a">(OCoLC)ocn178312979</subfield>
  </datafield>
  <datafield ind1=" " ind2=" " tag="035">
    <subfield code="a">(OCoLC)ocm23501778</subfield>
  </datafield>
  <datafield ind1=" " ind2=" " tag="040">
    <subfield code="a">DLC</subfield>
    <subfield code="c">PUL</subfield>
    <subfield code="d">PUL</subfield>
  </datafield>
  <datafield ind1=" " ind2=" " tag="035">
    <subfield code="a">(OCoLC)178312979</subfield>
  </datafield>
  <datafield ind1=" " ind2=" " tag="035">
    <subfield code="9">CNF7020TS</subfield>
  </datafield>
  <datafield ind1=" " ind2=" " tag="035">
    <subfield code="a">(NjP)2762145</subfield>
  </datafield>
  <datafield ind1=" " ind2="4" tag="050">
    <subfield code="a">BP156.I74</subfield>
    <subfield code="b">Y35</subfield>
  </datafield>
  <datafield ind1=" " ind2=" " tag="079">
    <subfield code="a">ocm23501778</subfield>
  </datafield>
  <datafield ind1=" " ind2=" " tag="049">
    <subfield code="a">PULL</subfield>
  </datafield>
  <datafield ind1="1" ind2=" " tag="100">
    <subfield code="6">880-01</subfield>
    <subfield code="a">Ḥāʼirī Yazdī, Murtaz̤á.</subfield>
  </datafield>
  <datafield ind1="1" ind2="0" tag="245">
    <subfield code="6">880-02</subfield>
    <subfield code="a">Ibtighā' al-faḍīlah fī sharḥ al-Wasīlah /</subfield>
    <subfield code="c">li-muʼallifihi Murtaḍá al-Ḥā'irī al-Yazdī.</subfield>
  </datafield>
  <datafield ind1=" " ind2=" " tag="260">
    <subfield code="6">880-03</subfield>
    <subfield code="a">Qum :</subfield>
    <subfield code="b">Maktabat al-Ṭabātabāʼī,</subfield>
    <subfield code="c">1383- [i.e. 1964- ]</subfield>
  </datafield>
  <datafield ind1=" " ind2=" " tag="300">
    <subfield code="a">v. ;</subfield>
    <subfield code="c">25 cm.</subfield>
  </datafield>
  <datafield ind1=" " ind2=" " tag="500">
    <subfield code="a">Includes text of Iṣfahānī's Wasīlat al-najāh.</subfield>
  </datafield>
  <datafield ind1="1" ind2=" " tag="505">
    <subfield code="6">880-04</subfield>
    <subfield code="a">juz' 1. Fī al-makāsib al-muḥarramah.</subfield>
  </datafield>
  <datafield ind1=" " ind2="0" tag="650">
    <subfield code="a">Islamic law.</subfield>
    <subfield code="0">http://id.loc.gov/authorities/subjects/sh85068454</subfield>
  </datafield>
  <datafield ind1=" " ind2="0" tag="650">
    <subfield code="a">Shiites.</subfield>
    <subfield code="0">http://id.loc.gov/authorities/subjects/sh85121432</subfield>
  </datafield>
  <datafield ind1="1" ind2=" " tag="700">
    <subfield code="6">880-05</subfield>
    <subfield code="a">Mūsawī al-Iṣbahānī, Abū al-Ḥasan,</subfield>
    <subfield code="d">1867 or 1868-1945 or 1946.</subfield>
    <subfield code="t">Wasīlat al-najāh.</subfield>
    <subfield code="0">http://id.loc.gov/authorities/names/nr89016443</subfield>
  </datafield>
  <datafield ind1="1" ind2=" " tag="880">
    <subfield code="6">100-01/r</subfield>
    <subfield code="a">حائري يزدي، مرتóزى.</subfield>
  </datafield>
  <datafield ind1="1" ind2="0" tag="880">
    <subfield code="6">245-02/r</subfield>
    <subfield code="a">ابتغا' الفضيلة في شرح الوسيلة /</subfield>
    <subfield code="c">لمؤلفه مرتضى الحا'ري اليزدي.</subfield>
  </datafield>
  <datafield ind1=" " ind2=" " tag="880">
    <subfield code="6">260-03/r</subfield>
    <subfield code="a">قم :</subfield>
    <subfield code="b">مكتبة الطباتبائي،</subfield>
    <subfield code="c">1383- [ا.. 1964- ]</subfield>
  </datafield>
  <datafield ind1="1" ind2=" " tag="880">
    <subfield code="6">505-04/r</subfield>
    <subfield code="a">جز' 1. في المكاسب المحرمة.</subfield>
  </datafield>
  <datafield ind1="1" ind2=" " tag="880">
    <subfield code="6">700-05/r</subfield>
    <subfield code="a">موسوي الاصبهاني، ابو الحسن،</subfield>
    <subfield code="d">1867 or 1868-1945 or 1946.</subfield>
    <subfield code="t">وسيلة النجاه.</subfield>
  </datafield>
  <datafield ind1=" " ind2=" " tag="911">
    <subfield code="a">20000130</subfield>
  </datafield>
  <datafield ind1=" " ind2=" " tag="994">
    <subfield code="a">C0</subfield>
    <subfield code="b">PUL</subfield>
  </datafield>
  <datafield ind1=" " ind2=" " tag="999">
    <subfield code="a">2762145</subfield>
  </datafield>
  <datafield ind1="0" ind2="1" tag="852">
    <subfield code="0">3072927</subfield>
    <subfield code="b">nec</subfield>
    <subfield code="t">1</subfield>
    <subfield code="h">KBP350</subfield>
    <subfield code="i">.H357 1964</subfield>
  </datafield>
  <datafield ind1=" " ind2="0" tag="866">
    <subfield code="0">3072927</subfield>
    <subfield code="8">0</subfield>
    <subfield code="a">v.1</subfield>
  </datafield>
  <datafield ind1=" " ind2=" " tag="959">
    <subfield code="a">2009-07-06 15:18:29 -0500</subfield>
  </datafield>
</record>
